@Misc{note:SpectralClasses,
author={Myron A. Smith and Randall Thompson and Richard O. Gray and Christopher Corbally and Inga Kamp},
editor={Myron A. Smith},
howpublished={{Note 2011-12-15}},
title={An Encoding System to Represent Stellar Spectral Classes in Archival Databases and Catalogs},
year=2011,
month=dec,
day=15,
url={http://www.ivoa.net/documents/Notes/SpectClasses/20111215/SpectClasses-20111215.pdf}
}